@article{linzer2008gutenberg,
  title={From the Gutenberg Bible to Net Neutrality-How Technology Makes Law and Why English Majors Need to Understand It},
  author={Linzer, Peter},
  journal={McGeorge L. Rev.},
  volume={39},
  pages={1},
  year={2008},
  publisher={HeinOnline}
}

@article{crowcroft2007net,
  title={Net neutrality: the technical side of the debate: a white paper},
  author={Crowcroft, Jon},
  journal={ACM SIGCOMM Computer Communication Review},
  volume={37},
  number={1},
  pages={49--56},
  year={2007},
  publisher={ACM New York, NY, USA}
}

@article{terranova1998firma,
  title={Firma digitale: tecnologie e standard},
  author={Terranova, Mario},
  journal={Aipa, Roma},
  year={1998}
}

@book{giacalone2007normativa,
  title={La normativa sul governo elettronico. Dal descreto legislativo 39/93 al codice dell'amministrazione digitale},
  author={Giacalone, Paolo},
  volume={20},
  year={2007},
  publisher={FrancoAngeli}
}

@article{murray2008open,
  title={Open data in science},
  author={Murray-Rust, Peter},
  journal={Nature Precedings},
  pages={1--1},
  year={2008},
  publisher={Nature Publishing Group}
}

@article{monti2017fake,
  title={Fake news e social network: la verit{\`a} ai tempi di Facebook},
  author={Monti, Matteo},
  journal={Media Laws: Rivista di diritto dei media},
  pages={79--90},
  year={2017}
}

@article{titles,
  title={Dedicato a chi legge solo i titoli},
  author={ANNA MASERA},
  journal={La Stampa},
  pages={2-3},
  year={2018}
}

@article{digital-citizenship,
  title={Digital citizenship},
  author={Maria Cecilia Averame},
  journal={Pearson},
  pages={1},
  year={2019}
}

@MISC{Agid-2015,
author = {AGID},
title = {SPID},
year = {2015},
howpublished={\url{https://www.spid.gov.it/cos-e-spid/}}
}

@article{pulido2020new,
  title={A new application of social impact in social media for overcoming fake news in health},
  author={Pulido, Cristina M and Ruiz-Eugenio, Laura and Redondo-Sama, Gisela and Villarejo-Carballido, Beatriz},
  journal={International journal of environmental research and public health},
  volume={17},
  number={7},
  pages={2430},
  year={2020},
  publisher={Multidisciplinary Digital Publishing Institute}
}

